@article{levulis2018effects,
  title={Effects of touch, voice, and multimodal input, and task load on multiple-UAV monitoring performance during simulated manned-unmanned teaming in a military helicopter},
  author={Levulis, Samuel J and DeLucia, Patricia R and Kim, So Young},
  journal={Human factors},
  volume={60},
  number={8},
  pages={1117--1129},
  year={2018},
  publisher={SAGE Publications Sage CA: Los Angeles, CA}
}